34100000      0802914431264                         06423 000000077778 5ARBEIT - CONSULTORIA E ASSESSOITAU ARBEIT CONSULTORIA                 11301202316100800000000000000                                                                     
34100011C2031030 2914431264                         06423 000000077778 5ARBEIT - CONSULTORIA E ASSESSO                                        RUA VINTE E CINCO DE JANEIRO, 00000               MONTE MOR           13193060SP                  
3410001300001J00013694923100000191173301000049000823036308535UNIODONTO DE CAMPINAS COOPERAT13012023000000000019117000000000000000000000000000000130120230000000000191170000000000000000000000014                                                
3410001300002J000522006038309000157ARBEIT - CONSULTORIA E ASSESSORIA EMPRES2051304798000104UNIODONTO DE CAMPINAS COOPERATIVA ODONTO2051304798000104UNIODONTO DE CAMPINAS COOPERATIVA ODONTO                                                     
34100015         000004000000000000019117000000000000000000                                                                                                                                                                                     
34199999         000001000006                                                                                                                                                                                                                   
